
@Article{Black73,
  author={Black, Fischer and Scholes, Myron S.},
  title={The {Pricing} of {O}ptions and {C}orporate {L}iabilities},
  journal={Journal of Political Economy},
  year=1973,
  volume={81},
  number={3},
  pages={637-54},
  month={May-June},
  URL={http://efinance.org.cn/cn/FEshuo/The\%20Pricing\%20of\%20Options\%20and\%20Corporate\%20Liabilities.pdf},
}
@MastersThesis{Zapp04,
   author = {Zapp, Matthias},
   title = {Sch{\"a}tzverfahren in einem neuen {COGARCH}-{M}odell},
   month={October},
   year = {2004},
   school = {Zentrum Mathematik der Technischen Universit{\"a}t M{\"u}nchen},
   url = {http://www-m4.ma.tum.de/Diplarb/da_zapp.ps},
   }

@TechReport{Harrison1981,
  author={Harrison, J. Michael  and Pliska, Stanley R.},
  title={Martingales and Stochastic Integrals in the Theory of Continous Trading},
  year=1981,
  month=Jan,
  institution={Northwestern University, Center for Mathematical Studies in Economics and Management Science},
  type={Discussion Papers},
  url={http://www.kellogg.northwestern.edu/research/math/papers/454.pdf},
  number={454},
 
}



@Article{Cox1976,
  author={Cox, John C. and Ross, Stephen A.},
  title={The valuation of options for alternative stochastic processes},
  journal={Journal of Financial Economics},
  year=1976,
  volume={3},
  number={1-2},
  pages={145-166},
  url={http://www.javaquant.net/papers/Cox\%20Ross\%201976.pdf}
}

@Article{Hull1987,
  author={Hull, John and White, Alan},
  title={The Pricing of Options on Assets with Stochastic Volatilities},
  journal={Journal of Finance},
  year=1987,
  volume={42},
  number={2},
  pages={281-300},
  url={http://faculty.baruch.cuny/lwu/890/HullWhite87.pdf}
}

@ARTICLE{Broadie97,
    author = {Mark Broadie and Paul Glasserman and Steven Kou},
    title = {A {C}ontinuity {C}orrection {F}or {D}iscrete {B}arrier {O}ptions},
    journal = {Mathematical Finance},
    year = {1997},
    volume = {7},
    pages = {325--349},
    url={http://citeseerx.ist.psu.edu/viewdoc/download?doi=10.1.1.21.6841&rep=rep1&type=pdf}
}

@ARTICLE{Erben2006,
    author = {Erben, Roland, Romeike Frank},
    title = {Abschied von der {G}lockenkurve},
    journal = {Risiko Manager},
    year = {2006},
    volume = {11},
    pages = {20--22},
    url={https://statistik.ets.kit.edu/download/doc_secure1/Interview-RISIKO_MANAGER_11-2006.pdf}
}

@TechReport{Nelson1992,
  author={Nelson, Daniel  and Foster, Dean},
  title={Filtering and forecasting with misspecified arch models {II}: making the right forecast with the wrong model},
  year=1992,
  month=Dec,
  institution={National Bureau of Economic Research},
  type={Technical Working Paper},
  url={http://www.nber.org/papers/t0132.pdf},
  number={132},
 
}


@Article{Bollerslev1986,
  author={Bollerslev, Tim},
  title={Generalized autoregressive conditional heteroskedasticity},
  journal={Journal of Econometrics},
  year=1986,
  volume={31},
  number={3},
  pages={307-327},
  month={April},
  url={http://www.farmdoc.illinois.edu/nccc134/conf_1989/pdf/confp10-89.pdf}
}

@phdthesis{Reisinger04,
   author = {Reisinger, Christoph},
   title = {Numerische {M}ethoden f{\"u}r hochdimensionale parabolische {G}leichungen am {B}eispiel von {O}ptionspreisaufgaben},
   month={October},
   year = {2004},
   school = { Naturwissenschaftlich- Mathematische Gesamtfakult{\"a}t der Ruprecht-Karls-Universitaet Heidelberg},
   url = {http://www.ub.uni-heidelberg.de/archiv/4954},
   }

@MISC{Chance2004,
    author = {Chance, Don M.},
    title = {TEACHING NOTE 96-03},
    year = {2004},
url = {http://www.bus.lsu.edu/academics/finance/faculty/dchance/Instructional/TN96-03.pdf},
  school = {Louisiana State University}
}

@misc{Harper2008,
author = {Harper, David},
title = {Monte {C}arlo {S}imulation {GBM} - 9 min screencast},
month = jul,
year = {2008},
note={Accessed 1.10.2010},
url = {http://www.bionicturtle.com/how-to/video/monte_carlo_simulation_gbm_9_min_screencast/}
}

@misc{Zimmermann2000,
   author = {Zimmermann, Heinz },
   title = {Notizen zur {B}lack-{S}choles-{O}ptionspreistheorie},
   month={January},
   year = {2000},
   url = {http://pages.unibas.ch/wwz/finanz/teaching/generallecturenotes/5\%20Notizen\%20BSM.pdf},  
      }	
@misc{Javaheri2002,
   author = {Javaheri, A and Wilmott, P. and Haug, E.},
   title = {GARCH and Volatility Swaps},
   month={January},
   year = {2002},
publisher = {wilmott.com},
   url = {http://www.wilmott.com/pdfs/020117_garch.pdf},  
      }	

@TechReport{Cox1975,
  author={John C. Cox and Stephen A. Ross},
  title={The {P}ricing of {O}ptions for {J}ump {P}rocesses},
  year= 1975,
  institution={Wharton School Rodney L. White Center for Financial Research},
  type={Rodney L. White Center for Financial Research Working Papers},
  url={http://finance.wharton.upenn.edu/~rlwctr/papers/7502.PDF},
  number={2-75},
}

@incollection {Schachermayer2008,
   author = {Schachermayer, Walter},
   affiliation = {Vienna University of Technology Financial and Actuarial Mathematics Wiedner Hauptstrasse 8-10/105-1 1040 Vienna Austria},
   title = {The {N}otion of {A}rbitrage and {F}ree {L}unch in {M}athematical {F}inance},
   booktitle = {Aspects of Mathematical Finance},
    publisher = {Springer Berlin Heidelberg},
  pages = {15-22},
   url = {http://www.mat.univie.ac.at/~schachermayer/pubs/preprnts/prpr0118a.pdf},
   year = {2008}
}

 

 @BOOK{Lin2006,
   author = {Sheldon Lin, X.},
   title = {Introductory {S}tochastic {A}nalysis for {F}inance and {I}nsurance},
   publisher = {Wiley Series in Probability and Statistics, Wiley-Interscience},
   year = {2006}
   }

 @BOOK{Busak2006,
   author = {Busak, Michael and Kaiser, Dieter},
   title = {Handbuch {A}lternative {I}nvestments 1},
   publisher = {Gabler Verlag},
   year = {2006}
   }
   
 @BOOK{Fries2007,
   author = {Fries, Christian},
   title = {Mathematical {F}inance - {T}heory, {M}odelling, {I}mplementation},
   publisher = {Wiley-Interscience},
   year = {2007}
   }

 @INCOLLECTION{Singer1999,
   author = {Singer, Hermann},
  booktitle = {Wirtschaftswissenschaftliche {B}eitr{\"a}ge},
  title = {Zeitstetige {S}ysteme und ihre {A}nwendung in {{\"O}}konometrie und empirischer {K}apitalmarktforschung},
   volume    =  171,
   publisher = {Physica-Verlag/Springer},
   year = {1999}
   }

@BOOK{Brandimarte2006,
   author = {Brandimarte, Paolo},
  title = {Numerical {M}ethods in {F}inance and {E}conomics: {A} {MATLAB}-{B}ased {I}ntroduction},
   publisher = {Wiley Series in Statistics in Practice, Wiley-Interscience},
   year = {2006}
   }



@Article{Osborne59,
  author={Osborne, M.F.M.},
  title={Brownian {M}otion in the {S}tock {M}arket},
  journal={Operations Research},
  year=1959,
  volume={7},
  number={2},
  pages={145-173},
  month={March-April},
  URL={http://www.e-m-h.org/Osbo59.pdf},
}

   
 @BOOK{Franke2004,
author = {Franke, J. and H{\"a}rdle, W. and Hafner, C.},
title = {Einf{\"u}hrung in die Statistik der Finanzm{\"a}rkte},
   publisher = {Springer},
   year = {2004},
   url = {http://fedc.wiwi.hu-berlin.de/xplore/ebooks/html/sfm/index.html}
   }
   

@Article{Feynman1948,
  title = {Space-{T}ime {A}pproach to {N}on-{R}elativistic {Q}uantum {M}echanics},
  author = {Feynman, R. P.},
  journal = {Rev. Mod. Phys.},
  volume = {20},
  number = {2},
  pages = {367--387},
   year = {1948},
  month = {Apr},
  publisher = {American Physical Society},
 url={http://web.ihep.su/dbserv/compas/src/feynman48c/eng.pdf}
}
@Article{Kac1949,
  title = {On {D}istributions of {C}ertain {W}iener {F}unctionals},
  author = {Kac, M.},
  journal = {Transactions of the American Mathematical Society},
  volume = {65},
  number = {1},
  pages = {1--13},
   year = {1949},
  month = {Jan},
  publisher = {American Mathematical Society},
 url={http://www.ams.org/journals/tran/1949-065-01/S0002-9947-1949-0027960-X/S0002-9947-1949-0027960-X.pdf}
}
@MastersThesis{Zaglauer2006,
   author = {Zaglauer, Katharina},
   title = {Risk-{N}eutral {V}aluation of {P}articipating {L}ife {I}nsurance {C}ontracts
in a {S}tochastic {I}nterest {R}ate {E}nvironment},
   month={May},
   year = {2006},
   school = {Fakult{\"a}t f{\"u}r Mathematik und Wirtschaftswissenschaften der Universit{\"a}t Ulm},
   url = {http://www.scor.com/www/fileadmin/uploads/travaux/Zaglauer_2006.pdf},
   }

@BOOK{Merton2003,
author = {Merton, Robert C. and Samuelson, Paul Anthony},
title = {Continuous-time finance},
   publisher = {Blackwell Publishing},
   year = {2003},
    }

@Article{Linetsky1998,
  title = {The {P}ath {I}ntegral {A}pproach to {F}inancial {M}odeling and {O}ptions {P}ricing},
  author = {Linetsky, Vadim},
  journal = {Computational Economics},
  volume = {11},
  number={1-2},
  pages = {129--163},
  month={April},
   year = {1998},
  publisher = {Kluwer Academic Publishers},
 url={http://deepblue.lib.umich.edu/bitstream/2027.42/44345/1/10614_2004_Article_137534.pdf}
}
@BOOK{Hausmann2002,
author = {Hausmann, Wilfried and Diener, Kathrin and K{\"a}sler, Joachim},
title = {Derivate, {A}rbitrage und {P}ortfolio-{S}election. {S}tochastische {F}inanzmarktmodelle und ihre {A}nwendungen},
   publisher = {Vieweg Verlag},
   year = {2002},
    }




@InCollection{Philip2003,
  author={Dybvig, Philip H. and Ross, Stephen A.},
  title={Arbitrage, state prices and portfolio theory},
  booktitle={Handbook of the Economics of Finance},
  publisher={Elsevier},
  year=2003,
  volume={1},
  series={Handbook of the Economics of Finance},
  chapter={10},
  pages={605-637},
  url={http://dybfin.wustl.edu/teaching/phdcont/arbetc7.pdf}
}

@phdthesis{Lorentz09,
   author = {Lorentz, Stefan},
   title = {Neue {M}ethoden zur {L}{\"o}sung von {V}orw{\"a}rts-{R}{\"u}ckw{\"a}rts-{S}tochastischen-{D}ifferentialgleichungen},
   month={March},
   year = {2009},
   school = {Fachbereich Mathematik - Technische Universit{\"a}t Kaiserslautern},
   url = {http://kluedo.ub.uni-kl.de/volltexte/2009/2315/},
   }

